<?xml version="1.0" encoding="UTF-8"?><collection xmlns="http://www.loc.gov/MARC21/slim"><record><leader>00517nam--2200193-u-4500</leader><controlfield tag="001">000056744</controlfield><controlfield tag="002">20190513</controlfield><controlfield tag="005">20190703042229</controlfield><controlfield tag="008">190513s1000------------r-----000-0-eng-d</controlfield><datafield ind1=" " ind2=" " tag="040"><subfield code="a">IFIN-HH</subfield></datafield><datafield ind1=" " ind2=" " tag="041"><subfield code="a">eng</subfield></datafield><datafield ind1="1" ind2=" " tag="100"><subfield code="a">Sanders, J. H</subfield></datafield><datafield ind1="1" ind2="0" tag="245"><subfield code="a">Progress in Quantum Electronics. Vol. 4</subfield><subfield code="c">J.H. Sanders; S. Stenholm (eds.)</subfield></datafield><datafield ind1=" " ind2=" " tag="260"><subfield code="a">Oxford</subfield><subfield code="b">pergamon Press</subfield><subfield code="c">1977</subfield></datafield><datafield ind1=" " ind2=" " tag="300"><subfield code="a">VII + 412 p</subfield></datafield><datafield ind1=" " ind2=" " tag="500"><subfield code="a">Donatie Brancus</subfield></datafield><datafield ind1="1" ind2=" " tag="700"><subfield code="a">S. Stenholm</subfield></datafield><datafield ind1=" " ind2=" " tag="852"><subfield code="a">32434</subfield><subfield code="c">621.375.9</subfield></datafield><datafield ind1=" " ind2=" " tag="CAT"><subfield code="a">SYS</subfield><subfield code="c">20190703</subfield><subfield code="h">042229</subfield></datafield></record></collection>